 @article{shannon,
  author  = {Claude E. Shannon},
  journal = {Philosophical Magazine},
  number  = {314},
  title   = {XXII. Programming a Computer for Playing Chess},
  volume  = {41},
  year    = 1950
}

@online{merz,
  author  = {Peter Merz},
  title   = {Moderne heuristische Optimierungsverfahren: Meta-Heuristiken},
  url     = {http://www.ra.cs.uni-tuebingen.de/lehre/ss02/vs_mh/mh-v1.pdf},
  year    = 2002,
  urldate = {2021-07-06}
}

@online{minimax,
  author  = {Wikipedia},
  title   = {Grafik-Upload Minimax-Algorithmus},
  url     = {https://upload.wikimedia.org/wikipedia/commons/thumb/6/6f/Minimax.svg/400px-Minimax.svg.png},
  urldate = {2021-07-06}
}

@online{pruning,
  author  = {Wikipedia},
  title   = {Grafik-Upload Alpha-Beta-Pruning},
  url     = {https://upload.wikimedia.org/wikipedia/commons/thumb/9/91/AB_pruning.svg/1200px-AB_pruning.svg.png},
  urldate = {2021-07-06}
}

@online{oxford,
  author  = {{Oxford Reference}},
  title   = {Horizon effect - Oxford Reference},
  url     = {https://www.oxfordreference.com/view/10.1093/oi/authority.20110803095944934},
  urldate = {2021-07-07}
}

@online{chessprogramming,
  author  = {{Chess Programming Wiki}},
  title   = {Tactical Moves - Chessprogramming wiki},
  url     = {https://www.chessprogramming.org/Tactical_Moves},
  urldate = {2021-07-07}
}